<record><leader>00000cas a22000007a 4500</leader><controlfield tag="001">14564398</controlfield><controlfield tag="008">861029d195919uutxu x ne      0    0eng d</controlfield><datafield ind1=" " ind2=" " tag="010"><subfield code="a">sn 86089910 </subfield></datafield><datafield ind1=" " ind2=" " tag="040"><subfield code="a">PPM</subfield><subfield code="b">eng</subfield><subfield code="c">PPM</subfield><subfield code="d">OCLCQ</subfield></datafield><datafield ind1=" " ind2=" " tag="042"><subfield code="a">msc</subfield></datafield><datafield ind1="0" ind2="0" tag="245"><subfield code="a">Buffalo Gap messenger.</subfield></datafield><datafield ind1=" " ind2=" " tag="260"><subfield code="a">Buffalo Gap, Tex. :</subfield><subfield code="b">Ernie Wilson</subfield></datafield><datafield ind1=" " ind2=" " tag="300"><subfield code="a">v. :</subfield><subfield code="b">ill. ;</subfield><subfield code="c">36 cm.</subfield></datafield><datafield ind1="1" ind2=" " tag="362"><subfield code="a">Began May 2, 1959.</subfield></datafield><datafield ind1=" " ind2=" " tag="588"><subfield code="a">Description based on: [no. 7], Apr. 2, 1964.</subfield></datafield><datafield ind1=" " ind2=" " tag="752"><subfield code="a">United States</subfield><subfield code="b">Texas</subfield><subfield code="c">Taylor</subfield><subfield code="d">Buffalo Gap.</subfield></datafield></record>